@article{einstein,
    author = "Albert Einstein",
    title = "{Zur Elektrodynamik bewegter K{\"o}rper}. ({German})
    [{On} the electrodynamics of moving bodies]",
    journal = "Annalen der Physik",
    volume = "322",
    number = "10",
    pages = "891--921",
    year = "1905",
    DOI = "http://dx.doi.org/10.1002/andp.19053221004",
    keywords = "physics"
}

@book{dirac,
    title = {The Principles of Quantum Mechanics},
    author = {Paul Adrien Maurice Dirac},
    isbn = {9780198520115},
    series = {International series of monographs on physics},
    year = {1981},
    publisher = {Clarendon Press},
    keywords = {physics}
}

@online{knuthwebsite,
    author = "Donald Knuth",
    title = "Knuth: Computers and Typesetting",
    url  = "http://www-cs-faculty.stanford.edu/~uno/abcde.html",
    addendum = "(accessed: 01.09.2016)",
    keywords = "latex,knuth"
}

@inbook{knuth-fa,
    author = "Donald E. Knuth",
    title = "Fundamental Algorithms",
    publisher = "Addison-Wesley",
    year = "1973",
    chapter = "1.2",
    keywords  = "knuth,programming"
}

@ARTICLE{IEEE802.11,
  author={},
  journal={IEEE Std 802.11-2020 (Revision of IEEE Std 802.11-2016)}, 

  title={IEEE Standard for Information Technology--Telecommunications and Information Exchange between Systems - Local and Metropolitan Area Networks--Specific Requirements - Part 11: Wireless LAN Medium Access Control (MAC) and Physical Layer (PHY) Specifications}, 

  year={2021},

  volume={},

  number={},

  pages={1-4379},

  doi={10.1109/IEEESTD.2021.9363693}}

@online{scapy,
author = {Biondi, Philippe},
title  = {Scapy},
date   = {2023-03},
url    = {https://scapy.net/}
}

@online{Wiki802.11frames,
author = {Wikipedia},
title  = {802.11 Frame Types},
date   = {2023-03},
url    = {https://en.wikipedia.org/wiki/802.11_Frame_Types}
}


@article{EvilTwin,
author = {Muthalagu, Raja and sanjay, sachin},
year = {2021},
month = {06},
pages = {},
title = {Evil Twin Attack Mitigation Techniques in 802.11 Networks},
volume = {12},
journal = {International Journal of Advanced Computer Science and Applications},
doi = {10.14569/IJACSA.2021.0120605}
}

@inproceedings{Modelling802.11,
author = {Duffy, Ken and Malone, David and Leith, Douglas},
year = {2006},
month = {01},
pages = {6952 - 6957},
title = {Modelling 802.11 Wireless Links},
doi = {10.1109/CDC.2005.1583281}
}

@INPROCEEDINGS{OverviewOnPublicWi-Fi,

  author={Ahadi, Said Abdul Ahad and rakesh, Nitin and varshney, Sudeep},

  booktitle={2020 IEEE International Conference on Advent Trends in Multidisciplinary Research and Innovation (ICATMRI)}, 

  title={Overview On Public Wi-Fi Security Threat Evil Twin Attack Detection}, 

  year={2020},

  volume={},

  number={},

  pages={1-6},

  doi={10.1109/ICATMRI51801.2020.9398377}}

@article{User-sideWifieviltwin,
author = {Nakhila, Omar and Dondyk, Erich and Faisal, Amjad and Zou, Cliff},
year = {2015},
month = {07},
pages = {239-244},
title = {User-side Wi-Fi Evil Twin Attack detection using SSL/TCP protocols},
doi = {10.1109/CCNC.2015.7157983}
}

@article{Wirelessnetworksecurity,
author = {Seys, Stefaan and Singelée, Dave and Preneel, Bart},
year = {2004},
month = {01},
pages = {25-35},
title = {Wireless Network Security},
volume = {2004},
journal = {Revue HF Tijdschrift}
}

@INPROCEEDINGS{IEEE_Scapy,

  author={S, Rohith Raj and R, Rohith and Moharir, Minal and G, Shobha},

  booktitle={2018 International Conference on Networking, Embedded and Wireless Systems (ICNEWS)}, 

  title={SCAPY- A powerful interactive packet manipulation program}, 

  year={2018},

  volume={},

  number={},

  pages={1-5},

  doi={10.1109/ICNEWS.2018.8903954}}



@online{Amit802.11frames,
author = {Amit Pindoria},
title  = {802.11 Frame Format and Types},
date   = {2023-03},
url    = {https://dot11ap.wordpress.com/802-11-frame-format-and-types/}}

@book{DefinitiveGast,
  title={802.11 Wireless Networks: The Definitive Guide},
  author={Gast, M.},
  isbn={9780596100520},
  lccn={20062714},
  series={A Nutshell handbook},
  url={https://books.google.dk/books?id=9rHnRzzMHLIC},
  year={2005},
  publisher={O'Reilly Media}
}

@article{WEP1,
author = {Borisov, Nikita and Goldberg, Ian and Wagner, David},
year = {2001},
month = {09},
pages = {},
title = {Intercepting Mobile Communications: The Insecurity of 802.11},
journal = {Proceedings of the Annual International Conference on Mobile Computing and Networking, MOBICOM},
doi = {10.1145/381677.381695}
}

@online{WEP2,
author = {Borisov, Nikita and Goldberg, Ian and Wagner, David},
year = {2001},
month = {09},
title  = {Security of the WEP algorithm},
doi   = {2023-03},
url    = {https://web.archive.org/web/20160219010026/https://www.isaac.cs.berkeley.edu/isaac/wep-faq.html}}

@inproceedings{WPA2_1,
  title={Benefits and Vulnerabilities of Wi-Fi Protected Access 2 (WPA2)},
  author={Paul Arana},
  year={2006}
}

@online{WPA2_2,
author = {Wi-Fi Alliance},
year = {2006},
month = {09},
title  = {WPA2™ Security Now Mandatory for Wi-Fi CERTIFIED™ Products },
doi   = {2023-03},
url    = {https://www.wi-fi.org/news-events/newsroom/wpa2-security-now-mandatory-for-wi-fi-certified-products}}

